<?xml version="1.0" encoding="utf-8"?>
<record xmlns="http://www.loc.gov/MARC21/slim" xmlns:xsi="http://www.w3.org/2001/XMLSchema-instance" xsi:schemaLocation="http://www.loc.gov/MARC21/slim http://www.loc.gov/standards/marcxml/schema/MARC21slim.xsd">
	<leader>
		03670nam a2200481   4500
	</leader>
	<controlfield tag="001">
		2958284
	</controlfield>
	<controlfield tag="003">
		NNC
	</controlfield>
	<controlfield tag="006">
		m        d        
	</controlfield>
	<controlfield tag="007">
		cr cn |||m|||a
	</controlfield>
	<controlfield tag="008">
		151222s1954    ua      o     000 0 araod
	</controlfield>
	<datafield ind1=" " ind2=" " tag="040">
		<subfield code="a">
			NNU
		</subfield>
		<subfield code="b">
			eng
		</subfield>
		<subfield code="e">
			rda
		</subfield>
		<subfield code="c">
			NNU
		</subfield>
	</datafield>
	<datafield ind1="1" ind2="4" tag="050">
		<subfield code="a">
			BP166
		</subfield>
		<subfield code="b">
			.M39
		</subfield>
	</datafield>
	<datafield ind1="1" ind2=" " tag="100">
		<subfield code="6">
			880-01
		</subfield>
		<subfield code="a">
			Mayyārah, Muḥammad ibn Aḥmad,
		</subfield>
		<subfield code="d">
			1590 or 1591-1661 or 1662.
		</subfield>
	</datafield>
	<datafield ind1="1" ind2="3" tag="245">
		<subfield code="6">
			880-02
		</subfield>
		<subfield code="a">
			al-Durr al-thamīn wa-al-mawrid al-muʻīn /
		</subfield>
		<subfield code="c">
			sharḥ Muḥammad ibn Aḥmad ibn Muḥammad al-Mālikī al-shahīr bi-Mayārrah. Wa-huwa al-sharḥ al-kabīr ʻalá Naẓm al-Murshid al-muʻīn ʻalá al-ḍarūrī min ʻalūm al-dīn li-Abī Muḥammad ʻAbd al-Wāḥid ibn Aḥmad ibn ʻAlī ibn ʻĀshir al-Andalusī. Wa-bi-al-hāmish Sharḥ khiṭaṭ al-sadād wa-al-rushd / li-Muḥammad ibn Ibrāhīm al-Tatāʼī al-Mālikī ʻalá Naẓm muqaddimat Ibn Rushd li-ʻAbd al-Raḥmān al-Ruqaʻī.
		</subfield>
	</datafield>
	<datafield ind1=" " ind2=" " tag="250">
		<subfield code="6">
			880-03
		</subfield>
		<subfield code="a">
			al-Ṭabʻah al-akhīrah.
		</subfield>
	</datafield>
	<datafield ind1=" " ind2=" " tag="260">
		<subfield code="6">
			880-04
		</subfield>
		<subfield code="a">
			Miṣr :
		</subfield>
		<subfield code="b">
			Muṣṭafá al-Bābī al-Ḥalabī wa-Awlāduh,
		</subfield>
		<subfield code="c">
			1954.
		</subfield>
	</datafield>
	<datafield ind1=" " ind2=" " tag="300">
		<subfield code="a">
			online resource (2 volumes in 1.)
		</subfield>
	</datafield>
	<datafield ind1=" " ind2=" " tag="336">
		<subfield code="a">
			text
		</subfield>
		<subfield code="2">
			rdacontent
		</subfield>
	</datafield>
	<datafield ind1=" " ind2=" " tag="337">
		<subfield code="a">
			computer
		</subfield>
		<subfield code="2">
			rdamedia
		</subfield>
	</datafield>
	<datafield ind1=" " ind2=" " tag="338">
		<subfield code="a">
			online resource
		</subfield>
		<subfield code="2">
			rdacarrier
		</subfield>
	</datafield>
	<datafield ind1=" " ind2=" " tag="500">
		<subfield code="a">
			Part of the Arabic Collections Online (ACO) project, contributed by Columbia University Libraries.
		</subfield>
	</datafield>
	<datafield ind1=" " ind2=" " tag="533">
		<subfield code="a">
			Electronic reproduction.
		</subfield>
		<subfield code="b">
			New York, N.Y. :
		</subfield>
		<subfield code="c">
			New York University,
		</subfield>
		<subfield code="d">
			2015.
		</subfield>
		<subfield code="5">
			NNU
		</subfield>
	</datafield>
	<datafield ind1="1" ind2="0" tag="600">
		<subfield code="6">
			880-05
		</subfield>
		<subfield code="a">
			Andalusī, Abū Muḥammad al-Fāsī,
		</subfield>
		<subfield code="d">
			-1630.
		</subfield>
		<subfield code="t">
			Murshid al-muʻīn ʻalá al-ḍarūrī min ʻulūm al-dīn.
		</subfield>
	</datafield>
	<datafield ind1="1" ind2="0" tag="600">
		<subfield code="6">
			880-06
		</subfield>
		<subfield code="a">
			Raqaʻī, ʻAbd al-Raḥmān.
		</subfield>
		<subfield code="t">
			Naẓm muqaddimat Ibn Rushd.
		</subfield>
	</datafield>
	<datafield ind1=" " ind2="0" tag="650">
		<subfield code="a">
			Islamic law
		</subfield>
		<subfield code="v">
			Early works to 1800.
		</subfield>
	</datafield>
	<datafield ind1="1" ind2=" " tag="700">
		<subfield code="6">
			880-07
		</subfield>
		<subfield code="a">
			Tatāʼī, Muḥammad ibn Ibrāhīm,
		</subfield>
		<subfield code="d">
			-1535 or 1536.
		</subfield>
		<subfield code="t">
			Khiṭaṭ al-sadād wa-al-rushd.
		</subfield>
	</datafield>
	<datafield ind1="2" ind2=" " tag="710">
		<subfield code="a">
			Columbia University.
		</subfield>
		<subfield code="b">
			Libraries.
		</subfield>
	</datafield>
	<datafield ind1="0" ind2=" " tag="730">
		<subfield code="a">
			Arabic Collections Online.
		</subfield>
	</datafield>
	<datafield ind1="0" ind2=" " tag="740">
		<subfield code="6">
			880-08
		</subfield>
		<subfield code="a">
			Sharḥ khiṭaṭ al-sadād.
		</subfield>
	</datafield>
	<datafield ind1="0" ind2="8" tag="776">
		<subfield code="i">
			Print version:
		</subfield>
		<subfield code="a">
			Mayyārah, Muḥammad ibn Aḥmad, 1590 or 1591-1661 or 1662.
		</subfield>
		<subfield code="t">
			al-Durr al-thamīn wa-al-mawrid al-muʻīn
		</subfield>
		<subfield code="w">
			(NNC)2958284
		</subfield>
		<subfield code="w">
			(OCoLC)39942749
		</subfield>
	</datafield>
	<datafield ind1="4" ind2="0" tag="856">
		<subfield code="u">
			http://hdl.handle.net/2333.1/9s4mw9hr
		</subfield>
	</datafield>
	<datafield ind1="4" ind2="0" tag="856">
		<subfield code="u">
			http://hdl.handle.net/2333.1/9s4mw9hr
		</subfield>
	</datafield>
	<datafield ind1="1" ind2=" " tag="880">
		<subfield code="6">
			100-01/r
		</subfield>
		<subfield code="a">
			ميارة، محمد بن احمد،
		</subfield>
		<subfield code="d">
			1590 or 1591-1661 or 1662.
		</subfield>
	</datafield>
	<datafield ind1="1" ind2="2" tag="880">
		<subfield code="6">
			245-02/r
		</subfield>
		<subfield code="a">
			الدر الثمين والمورد المعين /
		</subfield>
		<subfield code="c">
			شرح محمد بن احمد بن محمد المالي الشهير بميارة. وهو الشرح الكبير على نظم المرشد المعين على الضروري من علوم الدين لابي محمد عبد الواحد بن احمد بن علي بن عاشر الاندلسي. وبالهامش شرح خطط السداد والرشد / لمحمد بن ابراهيم التتائي المالي على نظم مقدمة ابن رشد لعبد الرحمن الرقعي.
		</subfield>
	</datafield>
	<datafield ind1=" " ind2=" " tag="880">
		<subfield code="6">
			250-03/r
		</subfield>
		<subfield code="a">
			الطبعة الاخيرة.
		</subfield>
	</datafield>
	<datafield ind1=" " ind2=" " tag="880">
		<subfield code="6">
			260-04/r
		</subfield>
		<subfield code="a">
			مصر :
		</subfield>
		<subfield code="b">
			مصطفى البابي الحلبي وأولاده،
		</subfield>
		<subfield code="c">
			1954.
		</subfield>
	</datafield>
	<datafield ind1="1" ind2="0" tag="880">
		<subfield code="6">
			600-05/r
		</subfield>
		<subfield code="a">
			اندلسي، ابو محمد الفاسي،
		</subfield>
		<subfield code="d">
			1630.
		</subfield>
		<subfield code="t">
			مرشد المعين على الضروري من علوم الدين.
		</subfield>
	</datafield>
	<datafield ind1="1" ind2="0" tag="880">
		<subfield code="6">
			600-06/r
		</subfield>
		<subfield code="a">
			رقعي، عبد الرحمن.
		</subfield>
		<subfield code="t">
			نظم مقدمة ابن رشد.
		</subfield>
	</datafield>
	<datafield ind1="1" ind2=" " tag="880">
		<subfield code="6">
			700-07/r
		</subfield>
		<subfield code="a">
			تتائي، محمد بن ابراهيم،
		</subfield>
		<subfield code="d">
			-1535 or 1536. 
		</subfield>
		<subfield code="t">
			خطط السداد والرشد.
		</subfield>
	</datafield>
	<datafield ind1="0" ind2=" " tag="880">
		<subfield code="6">
			740-08/r
		</subfield>
		<subfield code="a">
			شرح خطط السداد.
		</subfield>
	</datafield>
	<datafield ind1=" " ind2=" " tag="959">
		<subfield code="a">
			NNU
		</subfield>
		<subfield code="b">
			WEB
		</subfield>
		<subfield code="c">
			GENI
		</subfield>
		<subfield code="t">
			0
		</subfield>
		<subfield code="m">
			Electronic access
		</subfield>
		<subfield code="s">
			01
		</subfield>
	</datafield>
	<datafield ind1=" " ind2=" " tag="959">
		<subfield code="a">
			NNU
		</subfield>
		<subfield code="b">
			WEB
		</subfield>
		<subfield code="c">
			GENI
		</subfield>
		<subfield code="t">
			0
		</subfield>
		<subfield code="m">
			Electronic access
		</subfield>
		<subfield code="s">
			01
		</subfield>
	</datafield>
	<datafield ind1=" " ind2=" " tag="999">
		<subfield code="i">
			NNC_2958284
		</subfield>
		<subfield code="o">
			(OCoLC)ocm39942749
		</subfield>
		<subfield code="s">
			columbia_aco001247
		</subfield>
		<subfield code="e">
			(ERROR-880)
		</subfield>
		<subfield code="s">
			columbia_aco001247
		</subfield>
	</datafield>
</record>
